@online{Bertrand,
	author = {Bertrand Rouet‚ÄêLeduc, Claudia Hulbert, Nicholas Lubbers, Kipton Barros, Colin J. Humphreys, Paul A. Johnson},
	title = {Machine Learning Predicts Laboratory Earthquakes},
	date = {30 August 2017},
	url = {https://agupubs.onlinelibrary.wiley.com/doi/full/10.1002/2017GL074677},
}

@online{kaggle,
	author = {Kaggle, Rachel},
	title = {LANL Earthquake Prediction},
	date = {24 March 2019},
	url = {https://www.kaggle.com/lanl},
	subtitle = {Can you predict upcoming laboratory earthquakes?},
	organization = {Los Alamos National Laboratory}
}
@Article{Hunter:2007,
	Author    = {Hunter, J. D.},
	Title     = {Matplotlib: A 2D graphics environment},
	Journal   = {Computing In Science \& Engineering},
	Volume    = {9},
	Number    = {3},
	Pages     = {90--95},
	abstract  = {Matplotlib is a 2D graphics package used for Python
	for application development, interactive scripting, and
	publication-quality image generation across user
	interfaces and operating systems.},
	publisher = {IEEE COMPUTER SOC},
	doi       = {10.1109/MCSE.2007.55},
	year      = 2007
}
